@misc{COMER2010,
  author = "Douglas Comer",
  title = "{H}ow to {W}rite a {D}issertation. {D}ispon\'{\i}vel em: <http://www.cs.purdue.edu/homes/dec/essay.dissertation.html> Acesso em: 17 jun.",
  year = "2010",
  url = "http://www.cs.purdue.edu/homes/dec/essay.dissertation.html",
}


@Article{Carvalho2001,
  author = {Hervaldo S. Carvalho and J\'ulio Conway and Claudionor Coelho Jr. and Ant\^onio O. Fernandes and Newton Vieira and Di\'ogenes C. Silva Jr.},
  title = {{LIFE GUARD}: An Intelligent Real Time Mobile Monitoring and Actuator System},
  year = {2001},
}
@Article{Carvalho2000,
   author = {Hervaldo S. Carvalho},
   title = {Lecture Notes},
   year = {2000},
}
@Article{Macedo2000,
   author = {Autran Mac\^edo and S\'ergio Campos and Carlos R. V. Carvalho},
   title = {Symbolic Model Checking: A New Approach for Solving Scheduling Problems},
   year = {2000},
   url = {http://www.dcc.ufmg.br/pos/html/spg2000/anais/autran/autran.html},
}
@InProceedings{Huth2000,
   author = {Michael Huth and Mark Ryan},
   booktitle = {Logic in Computer Science: Modelling and Reasoning About Systems},
   title = {Verification by Model Checking},
   publisher = {Cambridge University Press},
   chapter = {3},
   year = {2000},
}
@InProceedings{Verus1,
    author = "{Sérgio Campos} and {Edmund M. Clarke} and {Marius Minea}",
    title = "The Verus Tool: {A} Quantitative Approach to the Formal Verification of Real-Time Systems",
    booktitle = "Proc. 9th International Conference on Computer Aided Verification ({CAV}'97)",
    volume = "1254",
    publisher = "Springer Verlag",
    editor = "O. Grumberg",
    pages = "452--455",
    year = "1997",
    url = "citeseer.nj.nec.com/134881.html",
}
@Article{Verus2,
    author = "Sérgio Vale Aguiar Campos and Edmund M. Clarke",
    title = "The Verus language: representing time efficiently with {BDDs}",
    journal = "Theoretical Computer Science",
    volume = "253",
    number = "1",
    pages = "95-118",
    year = "2001",
    url = "citeseer.nj.nec.com/425122.html",
}
@InProceedings{Medical,
   author = {S\'ergio Campos and Edmund Clarke and W. Marrero and Marius Minea},
   title = {Timing Analysis of Industrial Real-Time Systems},
   booktitle = {Workshop on Industrial-strength Formal specification Techniques},
   year = {1995},
   url  = {http://citeseer.nj.nec.com/campos95timing.html},
}
@Book{ModelChecking,
   author = {Edmund M. Clarke and Orna Grumberg and Doron A. Peled},
   title = {Model Checking},
   publisher = {MIT Press},
   year = {2001},
   edition = {Third},
   pages = {314},
   ISBN = {0-262-03270-8},
}
@InProcedings{FormalMethods,
    author={Sérgio Campos and Marius Minea},
    title={Analysis of Real-Time Systems using Symbolic Techniques},
    booktitle={Formal Methods for Real-Time Computing},
    publisher={John Wiley and Sons},
    year={1996},
}

@MISC{automatos,
  author =       {Maria G. V. Nunes and Alessandra Alaniz Macedo and Daniel Gomes Dosualdo and Tatiana Barbosa},
  title =        {{SCE}123: {I}ntrodução à {C}ompilação. {I}nstituto de {C}iências {M}atemáticas e {C}omputação.
                  {D}epartamento de {C}omputação e {E}statística. {U}niversidade {F}ederal de {S}ão {P}aulo},
  year =         {1999},
  url  =         {http://www.icmsc.sc.usp.br/~mdgvnune/download/sce126/automatos_finitos.html},
}

@MISC{Jack,
  author = {Stefania Gnesi},
  title  = {JACK - Formal Specification and Verification of Reactive Systems},
  month  = {April},
  year   = {1995},
  url    = {http://www.ercim.org/publication/Ercim_News/enw21/jack.html},
}

@MISC{VerusManual,
  author =       {Sérgio Vale Aguiar Campos},
  title =        {Verus 0.9 - Reference Manual},
  month =        {March},
  year  =        {1997},
}

@PHDTHESIS{Reactive,
  author =       {Kim Sunesen},
  title =        {Reasoning about Reactive Systems},
  school =       {University of Aarhus},
  year =         {1998},
  type =         {Ph.D. Dissertation},
  address =      {Ny Munkegade, building 540, Department of Computer Science},
  month =        {December},
}

@PHDTHESIS{visser98,
  author =      {Willem Visser},
  title =       {Efficient CTL* Model Checking using Games and Automata},
  school =      {Manchester University},
  year  =       {1998},
  month =       {June},
  type  =       {Ph.D. Thesis},
}

@InProceedings{BDD,
  author  =      {Fabio Somenzi},
  title =        {Binary Decision Diagrams},
  booktitle =    {Calculational System Design},
  pages =        {303--366},
  publisher =    {IOS Press},
  year =         {1999},
  volume =       {173},
  series =       {NATO Science Series F: Computer and Systems Sciences},
  url =          {citeseer.nj.nec.com/somenzi99binary.html}
}


@article{Bryant86,
    author = "Randal E. Bryant",
    title = "Graph-Based Algorithms for {B}oolean Function Manipulation",
    journal = ieeetc,
    volume = "C-35",
    number = 8,
    month = aug,
    year = 1986,
    pages = "677--691",
    url = "citeseer.nj.nec.com/bryant86graphbased.html"
}

@article{CTL,
    author = {Valentin Goranko},
    title  = {Temporal Logics with Reference Pointers and Computation Tree Logics},
    journal = {Journal of Applied Non-Classical Logics},
    volume = {10},
    number = {3-4},
    year   = {2000},
    url    = {http://citeseer.nj.nec.com/324294.html},
}

@article{SCC,
  author =       {Tapan J. Chakraborty and Sudipta Bhawmik and Robert Bencivenga and C. J. Lin},
  title =        {Enhanced Controllability For $I_{ddq}$ Test Sets Using Partial Scan},
  journal =      {28th ACM/IEEE Design Automation Conference},
  year =         {1991},
}

@InProceedings{emerson,
    author = "E. M. Clarke and E. A. Emerson and A. P. Sistla",
    title = "Automatic Verification of Finite-State Concurrent Systems Using Temporal Logic Specifications: {A} Practical Approach",
    booktitle = "Conference record of the 10th {ACM} Symposium on Principles of Programming Languages ({POPL})",
    isbn = "0-89791-090-7",
    pages = "117--126",
    year = "1983",
    url = "http://wwwbrauer.informatik.tu-muenchen.de/praktikum/verifikation/WS2001-2002/p244-clarke.pdf",
}

@article{STeP,
  author =    "Nikolaj S. Bj{\o}rner and Anca Browne and Michael
               Col{\'o}n and Bernd Finkbeiner and Zohar Manna and Henny B. Sipma
           and Tom{\'a}s E. Uribe",
  title =     "Verifying Temporal Properties of Reactive Systems:
               {A} {STeP} Tutorial",
  journal =   "Formal Methods in System Design",
  volume =    16,
  month =     {June},
  number =    3,
  pages =     {227--270},
  year =      2000,
  url  = "http://www.stanford.edu/~finkbein/publications/tutorial00",
}

@Article{SPIN,
  author = {Gerard J. Holzmann},
  title  = {The Model Checker {SPIN}},
  journal = {IEEE Transactions on Software Engineering},
  volume = {23},
  number = {5},
  pages = {279-295},
  moth  = {May},
  year  = {1997},
  url   = {http://cm.bell-labs.com/cm/cs/who/gerard/gz/ieee97.ps.gz},
}

@InProceedings{SMC,
  author = "Sérgio Campos and Edmund M. Clarke",
  title = "Real-Time Symbolic Model Checking for Discrete Time Models",
  booktitle = "Theories and Experiences for Real-Time System Development",
  publisher = "World Scientific Press, AMAST Series in Computing",
  editor = "{T. Rus} and {C. Rattray}",
  month = "May",
  year = "1994",
  url = "citeseer.nj.nec.com/224357.html",
}

@InProceedings{Raid5,
    author = "Mandana Vaziri and Nancy A. Lynch and Jeannette M. Wing",
    title = "Proving Correctness of a Controller Algorithm for the {RAID} Level 5 System",
    booktitle = "Symposium on Fault-Tolerant Computing",
    pages = "16-25",
    year = "1998",
    url = "citeseer.nj.nec.com/vaziri97proving.html",
}

@InProceedings{protocolos,
    author = "Catherine A. Meadows",
    title = "Formal Verification of Cryptographic Protocols: {A} Survey",
    booktitle = "{ASIACRYPT}: Advances in Cryptology -- {ASIACRYPT}: International Conference on the Theory and Application of Cryptology",
    publisher = "LNCS, Springer-Verlag",
    year = "1994",
    url = "citeseer.nj.nec.com/article/meadows95formal.html",
}

@misc{routing,
  author = "K. Bhargavan and D. Obradovic and C. Gunter",
  title = "Formal verification of standards for distance vector routing protocols",
  text = "K. Bhargavan, D. Obradovic, and C. Gunter. Formal verification of standards
    for distance vector routing protocols. UPenn Tech Report, 1999.",
  year = "1999",
  url = "citeseer.nj.nec.com/bhargavan00formal.html",
}

@PHDTHESIS{mcmillan,
  author =       {Kenneth L. McMillan},
  title =        {{S}ymbolic {M}odel {C}hecking: An approach to the state explosion problem},
  school =       {Carnegie Mellon University},
  year =         {1992},
  type =         {PhD Thesis},
  address =      {School of Computer Science, 5000 Forbes Avenue, Pittsburg, PA 15123-3891},
  month =        {May},
  url =          {http://www-cad.eecs.berkeley.edu/~kenmcmil/thesis.html},
}

@misc{EcgLibrary,
  author = "Dean Jenkins and Stephen Gerred",
  title = "{ECG} {L}ibrary. {D}ispon\'{\i}vel na url: http://www.ecglibrary.com/ecghome.html",
  year = "1998",
  url = "http://www.ecglibrary.com/ecghome.html",
}

@misc{EcgInterpretation,
  author = "Xavier F. Flores",
  title = "{ECGs} {I}nterpretation. {D}ispon\'{\i}vel na url:
        http://www.utoledo.edu/\verb!~!xflores/ekgs-interpretation.htm",
  url = "http://www.utoledo.edu/~xflores/ekgs-interpretation.htm",
}

@misc{RitmosCardiacos,
  author = "Laboratório de Eletrofisiologia de Curitiba",
  title = "{R}itmos do {C}oração. {D}ispon\'{\i}vel na url: http://www.lec.pucpr.br/body\_rit.html",
  url = "http://www.lec.pucpr.br/body_rit.html",
}

@misc{EcgOutline,
  author = "Frank G. Yanowitz",
  title = "{ECG} {O}utline. {D}ispon\'{\i}vel na url: http://www-medlib.med.utah.edu/kw/ecg/ecg\_outline/",
  url = "http://www-medlib.med.utah.edu/kw/ecg/ecg_outline/",
}

@misc{Garin,
  author = "Aitor Etxeberria Garin",
  title = "Electrocardiograma. {D}ispon\'{\i}vel na url: http://es.geocities.com/simplex59/electrocardiograma.html",
  url = "http://es.geocities.com/simplex59/electrocardiograma.html",
}

@misc{hervaldo,
  author = "Hervaldo Sampaio Carvalho",
  title  = "Contatos verbais",
  year   = "2001",
}
